% Put you own bibliography entries in this file



@techreport{Alpigiani:1756291,
      author        = "Alpigiani, C and Bevan, A and Bona, M and Buchholz, P and
                       Catmore, J and Cerri, A and De Sanctis, U and Gaur, B and
                       Guenther, J and Ibragimov, I and Karakostas, K and
                       Leontsinis, S and Lewis, D and Marzin, A and Palestini, S
                       and Sivoklokov, S and Smirnova, L and Turchikhin, S and
                       Walkowiak, W and Yao, W",
      title         = "{$B \to \mu\mu$ analysis on the complete RUN1 dataset}",
      institution   = "CERN",
      address       = "Geneva",
      number        = "ATL-COM-PHYS-2014-1179",
      month         = "Sep",
      year          = "2014",
      reportNumber  = "ATL-COM-PHYS-2014-1179",
      url           = "https://cds.cern.ch/record/1756291",
}

@article{Bobeth:2013uxa,
      author         = "Bobeth, Christoph and Gorbahn, Martin and Hermann, Thomas
                        and Misiak, Mikolaj and Stamou, Emmanuel and others",
      title          = "{$B_{s,d} \to l^+ l^-$ in the Standard Model with Reduced
                        Theoretical Uncertainty}",
      journal        = "Phys.Rev.Lett.",
      volume         = "112",
      pages          = "101801",
      doi            = "10.1103/PhysRevLett.112.101801",
      year           = "2014",
      eprint         = "1311.0903",
      archivePrefix  = "arXiv",
      primaryClass   = "hep-ph",
      reportNumber   = "FLAVOUR(267104)-ERC-53, LTH-990, SFB-CPP-13-82,
                        TTP13-033",
      SLACcitation   = "%%CITATION = ARXIV:1311.0903;%%",
}

@techreport{bsmumuv2,
     title        = "Limit on $B_s\to \mu\mu$ branching ratio based on 4.9 fb$^{-1}$ of integrated luminosity",
     institution  = "CERN",
     address      = "Geneva",
     number       = "ATL-COM-PHYS-2013-053",
     month        = "July",
     year         = "2013",
}

@article{Aad:2012pn,
      author         = "Aad, Georges and others",
      title          = "{Search for the decay $B^0_s \to \mu \mu$ with the ATLAS
                        detector}",
      collaboration  = "ATLAS",
      journal        = "Phys.Lett.",
      volume         = "B713",
      pages          = "387-407",
      doi            = "10.1016/j.physletb.2012.06.013",
      year           = "2012",
      eprint         = "1204.0735",
      archivePrefix  = "arXiv",
      primaryClass   = "hep-ex",
      reportNumber   = "CERN-PH-EP-2012-067",
      SLACcitation   = "%%CITATION = ARXIV:1204.0735;%%",
}

@article{Aaboud:2016ire,
      author         = "Aaboud, Morad and others",
      title          = "{Study of the rare decays of $B^0_s$ and $B^0$ into muon
                        pairs from data collected during the LHC Run 1 with the
                        ATLAS detector}",
      collaboration  = "ATLAS",
      journal        = "Eur. Phys. J.",
      volume         = "C76",
      year           = "2016",
      number         = "9",
      pages          = "513",
      doi            = "10.1140/epjc/s10052-016-4338-8",
      eprint         = "1604.04263",
      archivePrefix  = "arXiv",
      primaryClass   = "hep-ex",
  reportNumber   = "CERN-EP-2016-064",
  SLACcitation   = "%%CITATION = ARXIV:1604.04263;%%"
}

@article{CMS:2014xfa,
      author         = "Khachatryan, Vardan and others",
      title          = "{Observation of the rare $B^0_s\to\mu^+\mu^-$ decay from
                        the combined analysis of CMS and LHCb data}",
      collaboration  = "LHCb, CMS",
      journal        = "Nature",
      volume         = "522",
      year           = "2015",
      pages          = "68-72",
      doi            = "10.1038/nature14474",
      eprint         = "1411.4413",
      archivePrefix  = "arXiv",
      primaryClass   = "hep-ex",
      reportNumber   = "CERN-PH-EP-2014-220, CMS-BPH-13-007, LHCB-PAPER-2014-049",
      SLACcitation   = "%%CITATION = ARXIV:1411.4413;%%"
  }

@article{Aaij:2017vad,
     author         = "Aaij, Roel and others",
     title          = "{Measurement of the $B^0_s\to\mu^+\mu^-$ branching
                       fraction and effective lifetime and search for
                       $B^0\to\mu^+\mu^-$ decays}",
     collaboration  = "LHCb",
     journal        = "Phys. Rev. Lett.",
     volume         = "118",
     year           = "2017",
     number         = "19",
     pages          = "191801",
     doi            = "10.1103/PhysRevLett.118.191801",
     eprint         = "1703.05747",
     archivePrefix  = "arXiv",
     primaryClass   = "hep-ex",
     reportNumber   = "CERN-EP-2017-041, LHCB-PAPER-2017-001",
     SLACcitation   = "%%CITATION = ARXIV:1703.05747;%%"
  }

@Article{Hoecker:TMVA, 
    author          =   "Hoecker, Andreas and Speckmayer, Peter and Stelzer, Joerg and Therhaag, Jan and von Toerne, Eckhard and Voss, Helge",
    title           =  "{TMVA: Toolkit for Multivariate Data Analysis}",
    journal         =  "PoS",
    volume          =  "ACAT",
    year            =  "2007",
    pages           =  "040",
    eprint          =  "physics/0703039",
    archivePrefix   =  "arXiv",
    SLACcitation    =  "%%CITATION = PHYSICS/0703039;%%"
  }

@MISC{PythiaB,
     author   = "M. Smizanska",
     title    = "{PythiaB: an interface to Pythia 6 dedicated to simulation of beauty events}",
     howpublished = "ATL-COM-PHYS-2003-038",
     year     = "2003"
}

@article{Rogozhnikov:2016bdp,
      author         = "Rogozhnikov, A.",
      title          = "{Reweighting with Boosted Decision Trees}",
      booktitle      = "{Proceedings, 17th International Workshop on Advanced
                        Computing and Analysis Techniques in Physics Research
                        (ACAT 2016): Valparaiso, Chile, January 18-22, 2016}",
      journal        = "J. Phys. Conf. Ser.",
      volume         = "762",
      year           = "2016",
      number         = "1",
      pages          = "012036",
      doi            = "10.1088/1742-6596/762/1/012036",
      eprint         = "1608.05806",
      archivePrefix  = "arXiv",
      primaryClass   = "physics.data-an",
      SLACcitation   = "%%CITATION = ARXIV:1608.05806;%%"
}
